% This file was created with JabRef 2.9.2.
% Encoding: UTF-8

@BOOK{oop,
  title = {面向对象编程导论},
  publisher = {机械工业出版社},
  year = {2003},
  author = {Timothy A.Budd},
  pages = {465},
  owner = {guoyu},
  timestamp = {2015.01.19},
  url = {http://web.engr.oregonstate.edu/~budd/Books/oopintro3e/}
}

